@inproceedings{kwak2010twitter,
  title={What is Twitter, a social network or a news media?},
  author={Kwak, Haewoon and Lee, Changhyun and Park, Hosung and Moon, Sue},
  booktitle={WWW},
  pages={591--600},
  year={2010},
  organization={ACM}
}

@inproceedings{hartline2008optimal,
  title={Optimal marketing strategies over social networks},
  author={Hartline, Jason and Mirrokni, Vahab and Sundararajan, Mukund},
  booktitle={WWW},
  pages={189--198},
  year={2008},
  organization={ACM}
}

@inproceedings{liu2013conducting,
  title={Conducting Efficient and Cost-Effective Targeted Marketing Using Data Mining Techniques},
  author={Liu, Ling and Yang, Zijiang and Benslimane, Younes},
  booktitle={GCIS},
  pages={102--106},
  year={2013},
  organization={IEEE}
}

@book{kantor2011recommender,
  title={Recommender systems handbook},
  author={Ricci, Francesco and Rokach, Lior and Shapira, Bracha and Kantor, Paul B},
  volume={1},
  year={2011},
  publisher={Springer}
}

@inproceedings{kempe2003maximizing,
  title={Maximizing the spread of influence through a social network},
  author={Kempe, David and Kleinberg, Jon and Tardos, {\'E}va},
  booktitle={SIGKDD},
  pages={137--146},
  year={2003},
  organization={ACM}
}

@inproceedings{alowibdi2013empirical,
  title={Empirical Evaluation of Profile Characteristics for Gender Classification on Twitter},
  author={Alowibdi, Jalal S and Buy, Ugo A and Yu, Philip},
  booktitle={ICMLA},
  volume={1},
  pages={365--369},
  year={2013},
  organization={IEEE}
}



@inproceedings{jamali2009trustwalker,
  title={TrustWalker: a random walk model for combining trust-based and item-based recommendation},
  author={Jamali, Mohsen and Ester, Martin},
  booktitle={SIGKDD},
  pages={397--406},
  year={2009},
  organization={ACM}
}


@inproceedings{he2012influence,
  title={Influence Blocking Maximization in Social Networks under the Competitive Linear Threshold Model.},
  author={He, Xinran and Song, Guojie and Chen, Wei and Jiang, Qingye},
  booktitle={SDM},
  pages={463--474},
  year={2012},
  organization={SIAM}
}

@article{chen2013information,
  title={Information and Influence Propagation in Social Networks},
  author={Chen, Wei and Lakshmanan, Laks VS and Castillo, Carlos},
  journal={Synthesis Lectures on Data Management},
  volume={5},
  number={4},
  pages={1--177},
  year={2013},
  publisher={Morgan \& Claypool Publishers}
}

@article{tang2013social,
  title={Social recommendation: a review},
  author={Tang, Jiliang and Hu, Xia and Liu, Huan},
  journal={Social Network Analysis and Mining},
  volume={3},
  number={4},
  pages={1113--1133},
  year={2013},
  publisher={Springer}
}

@article{koren2009matrix,
  title={Matrix factorization techniques for recommender systems},
  author={Koren, Yehuda and Bell, Robert and Volinsky, Chris},
  journal={Computer},
  volume={42},
  number={8},
  pages={30--37},
  year={2009},
  publisher={Institute of Electrical and Electronics Engineers, Inc., 3 Park Avenue, 17 th Fl New York NY 10016-5997 United States}
}

@incollection{contentRS2007,
  title={Content-based recommendation systems},
  author={Pazzani, Michael J and Billsus, Daniel},
  booktitle={The adaptive web},
  pages={325--341},
  year={2007},
  publisher={Springer}
}

@article{cf2009survey,
  title={A survey of collaborative filtering techniques},
  author={Su, Xiaoyuan and Khoshgoftaar, Taghi M},
  journal={Advances in artificial intelligence},
  volume={2009},
  pages={4},
  year={2009},
  publisher={Hindawi Publishing Corp.}
}

@inproceedings{goyal2010learning,
  title={Learning influence probabilities in social networks},
  author={Goyal, Amit and Bonchi, Francesco and Lakshmanan, Laks VS},
  booktitle={WSDM},
  pages={241--250},
  year={2010},
  organization={ACM},
  %booktitle={Proceedings of the third ACM international conference on Web search and data mining},
}

@inproceedings{kdd13STRIP,
  author    = {Konstantin Kutzkov and
               Albert Bifet and
               Francesco Bonchi and
               Aristides Gionis},
  title     = {STRIP: stream learning of influence probabilities},
  booktitle = {KDD},
  year      = {2013},
  pages     = {275-283},
  ee        = {http://doi.acm.org/10.1145/2487575.2487657},
  crossref  = {DBLP:conf/kdd/2013},
  bibsource = {DBLP, http://dblp.uni-trier.de}
}

@article{goldenberg2001talk,
  title={Talk of the network: A complex systems look at the underlying process of word-of-mouth},
  author={Goldenberg, J. and Libai, B. and Muller, E.},
  journal={Marketing letters},
  volume={12},
  number={3},
  pages={211--223},
  year={2001},
  publisher={Springer}
}


@article{granovetter1978threshold,
  title={Threshold models of collective behavior},
  author={Granovetter, M.},
  journal={American journal of sociology},
  pages={1420--1443},
  year={1978},
  publisher={JSTOR}
}


@inproceedings{aggarwal2011flow,
  title={On flow authority discovery in social networks},
  author={Aggarwal, C.C. and Khan, A. and Yan, X.},
  booktitle={SDM},
  pages={522--533},
  year={2011}
}

@inproceedings{ijcai13biaoxiang,
  title={Pagerank with priors: An influence propagation perspective},
  author={Xiang, Biao and Liu, Qi and Chen, Enhong and Xiong, Hui and Zheng, Yi and Yang, Yu},
  booktitle={IJCAI},
  pages={2740--2746},
  year={2013},
  organization={AAAI Press},
%  booktitle={Proceedings of the Twenty-Third international joint conference on Artificial Intelligence},
}

@book{pang2006introduction,
  title={Introduction to data mining},
  author={Tan, Pang-Ning and Steinbach, Michael and Kumar, Vipin and others},
  year={2006},
  publisher={Pearson Addison Wesley Boston}
  volume={1},
}


@inproceedings{tang2014diversified,
  title={Diversified social influence maximization},
  author={Tang, Fangshuang and Liu, Qi and Zhu, Hengshu and Chen, Enhong and Zhu, Feida},
  booktitle={ASONAM},
  pages={455--459},
  year={2014},
  organization={IEEE}
}

@article{deshpande2004item,
  title={Item-based top-n recommendation algorithms},
  author={Deshpande, Mukund and Karypis, George},
  journal={ACM Transactions on Information Systems (TOIS)},
  volume={22},
  number={1},
  pages={143--177},
  year={2004},
  publisher={ACM}
}
